<?xml version="1.0" encoding="UTF-8"?>
<collection xmlns:xsi="http://www.w3.org/2001/XMLSchema-instance" xsi:schemaLocation="http://www.loc.gov/MARC21/slim http://www.loc.gov/standards/marcxml/schema/MARC21slim.xsd" xmlns="http://www.loc.gov/MARC21/slim">
<record>
  <leader>00925cam a2200253   4500</leader>
  <controlfield tag="001">2532882</controlfield>
  <controlfield tag="003">NNC</controlfield>
  <controlfield tag="005">20120419174602.0</controlfield>
  <controlfield tag="008">831014s1923    ua bcf        000 0 arar </controlfield>
  <datafield tag="010" ind1=" " ind2=" ">
    <subfield code="a">   58042959 </subfield>
  </datafield>
  <datafield tag="035" ind1=" " ind2=" ">
    <subfield code="a">(OCoLC)ocm10016153</subfield>
  </datafield>
  <datafield tag="035" ind1=" " ind2=" ">
    <subfield code="9">AQL4058CU</subfield>
  </datafield>
  <datafield tag="035" ind1=" " ind2=" ">
    <subfield code="a">(NNC)2532882</subfield>
  </datafield>
  <datafield tag="040" ind1=" " ind2=" ">
    <subfield code="a">DLC</subfield>
    <subfield code="c">WAU</subfield>
    <subfield code="d">WAU</subfield>
    <subfield code="d">ZCU</subfield>
  </datafield>
  <datafield tag="043" ind1=" " ind2=" ">
    <subfield code="a">f-ly---</subfield>
  </datafield>
  <datafield tag="050" ind1=" " ind2=" ">
    <subfield code="a">DT220</subfield>
    <subfield code="b">.H34</subfield>
  </datafield>
  <datafield tag="100" ind1="1" ind2=" ">
    <subfield code="a">Ḥasanayn, Aḥmad Muḥammad.</subfield>
  </datafield>
  <datafield tag="245" ind1="1" ind2="0">
    <subfield code="a">Fī ṣaḥrāʾ Lībiyā</subfield>
    <subfield code="c">[taʾlīf] Aḥmad Muḥammad Ḥasanayn.</subfield>
  </datafield>
  <datafield tag="260" ind1=" " ind2=" ">
    <subfield code="a">[Qāhirah?</subfield>
    <subfield code="c">1923?]</subfield>
  </datafield>
  <datafield tag="300" ind1=" " ind2=" ">
    <subfield code="a">2 v. in 1 (409 p.)</subfield>
    <subfield code="b">col. map, plates, ports.</subfield>
    <subfield code="c">24 cm.</subfield>
  </datafield>
  <datafield tag="500" ind1=" " ind2=" ">
    <subfield code="a">"Mudhakkirah ʻan natījat riḥlat Ḥasanayn Bik fī rasm al-kharāʾiṭ, bi-qalam al-duktūr Būl mudīr Qism Masāḥat al-Ṣaḥrāʾ, tarjamat Ḥasan Bik ʻAbbādī": p. [315]-373.</subfield>
  </datafield>
  <datafield tag="651" ind1=" " ind2="0">
    <subfield code="a">Libya</subfield>
    <subfield code="x">Description and travel.</subfield>
  </datafield>
  <datafield tag="700" ind1="1" ind2=" ">
    <subfield code="a">Ball, John,</subfield>
    <subfield code="d">1872-1941.</subfield>
  </datafield>
  <datafield tag="955" ind1=" " ind2=" ">
    <subfield code="b">CU02671921</subfield>
    <subfield code="d">off,glx</subfield>
    <subfield code="e">DT220 .H34</subfield>
    <subfield code="v">v.1</subfield>
  </datafield>
</record>
</collection>